%YAML 1.1
%TAG !u! tag:unity3d.com,2011:
--- !u!1 &2907458995278316511
GameObject:
  m_ObjectHideFlags: 0
  m_CorrespondingSourceObject: {fileID: 0}
  m_PrefabInstance: {fileID: 0}
  m_PrefabAsset: {fileID: 0}
  serializedVersion: 6
  m_Component:
  - component: {fileID: 2907458995278174137}
  m_Layer: 0
  m_Name: CowRig_r_FrontLeg_AnkleSHJnt
  m_TagString: Untagged
  m_Icon: {fileID: 0}
  m_NavMeshLayer: 0
  m_StaticEditorFlags: 0
  m_IsActive: 1
--- !u!4 &2907458995278174137
Transform:
  m_ObjectHideFlags: 0
  m_CorrespondingSourceObject: {fileID: 0}
  m_PrefabInstance: {fileID: 0}
  m_PrefabAsset: {fileID: 0}
  m_GameObject: {fileID: 2907458995278316511}
  m_LocalRotation: {x: -6.737868e-17, y: -0.027281087, z: 2.5252689e-15, w: 0.9996278}
  m_LocalPosition: {x: -4.246489, y: 9.3258734e-14, z: 2.6645353e-15}
  m_LocalScale: {x: 1, y: 1, z: 1}
  m_Children:
  - {fileID: 2907458995278118907}
  m_Father: {fileID: 2907458995278167175}
  m_RootOrder: 0
  m_LocalEulerAnglesHint: {x: 0, y: 0, z: 0}
--- !u!1 &2907458995278319219
GameObject:
  m_ObjectHideFlags: 0
  m_CorrespondingSourceObject: {fileID: 0}
  m_PrefabInstance: {fileID: 0}
  m_PrefabAsset: {fileID: 0}
  serializedVersion: 6
  m_Component:
  - component: {fileID: 2907458995278181173}
  m_Layer: 0
  m_Name: CowRig_Neck_01SHJnt
  m_TagString: Untagged
  m_Icon: {fileID: 0}
  m_NavMeshLayer: 0
  m_StaticEditorFlags: 0
  m_IsActive: 1
--- !u!4 &2907458995278181173
Transform:
  m_ObjectHideFlags: 0
  m_CorrespondingSourceObject: {fileID: 0}
  m_PrefabInstance: {fileID: 0}
  m_PrefabAsset: {fileID: 0}
  m_GameObject: {fileID: 2907458995278319219}
  m_LocalRotation: {x: -0.0000000066251635, y: -0.31738254, z: -0.000000019715866,
    w: 0.9482976}
  m_LocalPosition: {x: -2.086262, y: 6.256712e-14, z: -0.783415}
  m_LocalScale: {x: 1, y: 1, z: 1}
  m_Children:
  - {fileID: 2907458995278075243}
  m_Father: {fileID: 2907458995278124575}
  m_RootOrder: 1
  m_LocalEulerAnglesHint: {x: 0, y: 0, z: 0}
--- !u!1 &2907458995278322063
GameObject:
  m_ObjectHideFlags: 0
  m_CorrespondingSourceObject: {fileID: 0}
  m_PrefabInstance: {fileID: 0}
  m_PrefabAsset: {fileID: 0}
  serializedVersion: 6
  m_Component:
  - component: {fileID: 2907458995278166249}
  m_Layer: 0
  m_Name: CowRig_l_FrontLeg_Knee2SHJnt
  m_TagString: Untagged
  m_Icon: {fileID: 0}
  m_NavMeshLayer: 0
  m_StaticEditorFlags: 0
  m_IsActive: 1
--- !u!4 &2907458995278166249
Transform:
  m_ObjectHideFlags: 0
  m_CorrespondingSourceObject: {fileID: 0}
  m_PrefabInstance: {fileID: 0}
  m_PrefabAsset: {fileID: 0}
  m_GameObject: {fileID: 2907458995278322063}
  m_LocalRotation: {x: -1.6342163e-16, y: -0.038044825, z: 1.7915863e-15, w: 0.99927604}
  m_LocalPosition: {x: -4.5438857, y: 1.0125234e-13, z: -8.881784e-16}
  m_LocalScale: {x: 1, y: 1, z: 1}
  m_Children:
  - {fileID: 2907458995278065201}
  m_Father: {fileID: 2907458995278155617}
  m_RootOrder: 0
  m_LocalEulerAnglesHint: {x: 0, y: 0, z: 0}
--- !u!1 &2907458995278323619
GameObject:
  m_ObjectHideFlags: 0
  m_CorrespondingSourceObject: {fileID: 0}
  m_PrefabInstance: {fileID: 0}
  m_PrefabAsset: {fileID: 0}
  serializedVersion: 6
  m_Component:
  - component: {fileID: 2907458995278078283}
  m_Layer: 0
  m_Name: CowRig_r_HindLeg_HipSHJnt
  m_TagString: Untagged
  m_Icon: {fileID: 0}
  m_NavMeshLayer: 0
  m_StaticEditorFlags: 0
  m_IsActive: 1
--- !u!4 &2907458995278078283
Transform:
  m_ObjectHideFlags: 0
  m_CorrespondingSourceObject: {fileID: 0}
  m_PrefabInstance: {fileID: 0}
  m_PrefabAsset: {fileID: 0}
  m_GameObject: {fileID: 2907458995278323619}
  m_LocalRotation: {x: -0.05223042, y: 0.05223042, z: 0.70517516, w: 0.70517516}
  m_LocalPosition: {x: 5.0481524, y: -1, z: -0.21755739}
  m_LocalScale: {x: 1, y: 1, z: 1}
  m_Children:
  - {fileID: 2907458995278121353}
  m_Father: {fileID: 2907458995278109729}
  m_RootOrder: 1
  m_LocalEulerAnglesHint: {x: 0, y: 0, z: 0}
--- !u!1 &2907458995278325835
GameObject:
  m_ObjectHideFlags: 0
  m_CorrespondingSourceObject: {fileID: 0}
  m_PrefabInstance: {fileID: 0}
  m_PrefabAsset: {fileID: 0}
  serializedVersion: 6
  m_Component:
  - component: {fileID: 2907458995278181059}
  m_Layer: 0
  m_Name: CowRig_l_HindLeg_BallSHJnt
  m_TagString: Untagged
  m_Icon: {fileID: 0}
  m_NavMeshLayer: 0
  m_StaticEditorFlags: 0
  m_IsActive: 1
--- !u!4 &2907458995278181059
Transform:
  m_ObjectHideFlags: 0
  m_CorrespondingSourceObject: {fileID: 0}
  m_PrefabInstance: {fileID: 0}
  m_PrefabAsset: {fileID: 0}
  m_GameObject: {fileID: 2907458995278325835}
  m_LocalRotation: {x: -2.2027824e-16, y: 0.7071049, z: 2.2027941e-16, w: 0.7071087}
  m_LocalPosition: {x: -2.7119174, y: -8.881784e-16, z: 0.36663532}
  m_LocalScale: {x: 1, y: 1, z: 1}
  m_Children:
  - {fileID: 2907458995278163785}
  m_Father: {fileID: 2907458995278056153}
  m_RootOrder: 0
  m_LocalEulerAnglesHint: {x: 0, y: 0, z: 0}
--- !u!1 &2907458995278330373
GameObject:
  m_ObjectHideFlags: 0
  m_CorrespondingSourceObject: {fileID: 0}
  m_PrefabInstance: {fileID: 0}
  m_PrefabAsset: {fileID: 0}
  serializedVersion: 6
  m_Component:
  - component: {fileID: 2907458995278063807}
  m_Layer: 0
  m_Name: CowRig_Tail_01_02SHJnt
  m_TagString: Untagged
  m_Icon: {fileID: 0}
  m_NavMeshLayer: 0
  m_StaticEditorFlags: 0
  m_IsActive: 1
--- !u!4 &2907458995278063807
Transform:
  m_ObjectHideFlags: 0
  m_CorrespondingSourceObject: {fileID: 0}
  m_PrefabInstance: {fileID: 0}
  m_PrefabAsset: {fileID: 0}
  m_GameObject: {fileID: 2907458995278330373}
  m_LocalRotation: {x: 7.45794e-16, y: -1.6093449e-15, z: 0.7071068, w: 0.7071068}
  m_LocalPosition: {x: -2.504796, y: -1.6330869, z: 8.8445116e-16}
  m_LocalScale: {x: 1, y: 1, z: 1}
  m_Children:
  - {fileID: 2907458995278121985}
  m_Father: {fileID: 2907458995278126555}
  m_RootOrder: 0
  m_LocalEulerAnglesHint: {x: 0, y: 0, z: 0}
--- !u!1 &2907458995278330457
GameObject:
  m_ObjectHideFlags: 0
  m_CorrespondingSourceObject: {fileID: 0}
  m_PrefabInstance: {fileID: 0}
  m_PrefabAsset: {fileID: 0}
  serializedVersion: 6
  m_Component:
  - component: {fileID: 2907458995278059783}
  m_Layer: 0
  m_Name: CowRig_r_FrontLeg_ToeSHJnt
  m_TagString: Untagged
  m_Icon: {fileID: 0}
  m_NavMeshLayer: 0
  m_StaticEditorFlags: 0
  m_IsActive: 1
--- !u!4 &2907458995278059783
Transform:
  m_ObjectHideFlags: 0
  m_CorrespondingSourceObject: {fileID: 0}
  m_PrefabInstance: {fileID: 0}
  m_PrefabAsset: {fileID: 0}
  m_GameObject: {fileID: 2907458995278330457}
  m_LocalRotation: {x: 0, y: 0, z: 0, w: 1}
  m_LocalPosition: {x: -2.1864672, y: 3.1086245e-14, z: -1.3599976}
  m_LocalScale: {x: 1, y: 1, z: 1}
  m_Children: []
  m_Father: {fileID: 2907458995278118907}
  m_RootOrder: 0
  m_LocalEulerAnglesHint: {x: 0, y: 0, z: 0}
--- !u!1 &2907458995278331215
GameObject:
  m_ObjectHideFlags: 0
  m_CorrespondingSourceObject: {fileID: 0}
  m_PrefabInstance: {fileID: 0}
  m_PrefabAsset: {fileID: 0}
  serializedVersion: 6
  m_Component:
  - component: {fileID: 2907458995278065757}
  m_Layer: 0
  m_Name: CowRig_Head_JawSHJnt
  m_TagString: Untagged
  m_Icon: {fileID: 0}
  m_NavMeshLayer: 0
  m_StaticEditorFlags: 0
  m_IsActive: 1
--- !u!4 &2907458995278065757
Transform:
  m_ObjectHideFlags: 0
  m_CorrespondingSourceObject: {fileID: 0}
  m_PrefabInstance: {fileID: 0}
  m_PrefabAsset: {fileID: 0}
  m_GameObject: {fileID: 2907458995278331215}
  m_LocalRotation: {x: -0.17279108, y: -0.17279108, z: 0.68566996, w: 0.68566996}
  m_LocalPosition: {x: -3.2544165, y: -1.7289683e-13, z: 7.950005}
  m_LocalScale: {x: 1, y: 1, z: 1}
  m_Children:
  - {fileID: 2907458995278107519}
  m_Father: {fileID: 2907458995278182993}
  m_RootOrder: 0
  m_LocalEulerAnglesHint: {x: 0, y: 0, z: 0}
--- !u!1 &2907458995278333053
GameObject:
  m_ObjectHideFlags: 0
  m_CorrespondingSourceObject: {fileID: 0}
  m_PrefabInstance: {fileID: 0}
  m_PrefabAsset: {fileID: 0}
  serializedVersion: 6
  m_Component:
  - component: {fileID: 2907458995278118907}
  m_Layer: 0
  m_Name: CowRig_r_FrontLeg_BallSHJnt
  m_TagString: Untagged
  m_Icon: {fileID: 0}
  m_NavMeshLayer: 0
  m_StaticEditorFlags: 0
  m_IsActive: 1
--- !u!4 &2907458995278118907
Transform:
  m_ObjectHideFlags: 0
  m_CorrespondingSourceObject: {fileID: 0}
  m_PrefabInstance: {fileID: 0}
  m_PrefabAsset: {fileID: 0}
  m_GameObject: {fileID: 2907458995278333053}
  m_LocalRotation: {x: -1.7273916e-15, y: 0.7071068, z: 1.7273916e-15, w: 0.7071068}
  m_LocalPosition: {x: -2.3760414, y: 5.062617e-14, z: 0.3435389}
  m_LocalScale: {x: 1, y: 1, z: 1}
  m_Children:
  - {fileID: 2907458995278059783}
  m_Father: {fileID: 2907458995278174137}
  m_RootOrder: 0
  m_LocalEulerAnglesHint: {x: 0, y: 0, z: 0}
--- !u!1 &2907458995278333985
GameObject:
  m_ObjectHideFlags: 0
  m_CorrespondingSourceObject: {fileID: 0}
  m_PrefabInstance: {fileID: 0}
  m_PrefabAsset: {fileID: 0}
  serializedVersion: 6
  m_Component:
  - component: {fileID: 2907458995278111251}
  m_Layer: 0
  m_Name: CowRig_Spine_03SHJnt
  m_TagString: Untagged
  m_Icon: {fileID: 0}
  m_NavMeshLayer: 0
  m_StaticEditorFlags: 0
  m_IsActive: 1
--- !u!4 &2907458995278111251
Transform:
  m_ObjectHideFlags: 0
  m_CorrespondingSourceObject: {fileID: 0}
  m_PrefabInstance: {fileID: 0}
  m_PrefabAsset: {fileID: 0}
  m_GameObject: {fileID: 2907458995278333985}
  m_LocalRotation: {x: -0.00000001421896, y: -1.6226355e-16, z: -8.374071e-15, w: 1}
  m_LocalPosition: {x: -6.4663696, y: 8.8734e-14, z: -0.0035224024}
  m_LocalScale: {x: 1, y: 1, z: 1}
  m_Children:
  - {fileID: 2907458995278124575}
  m_Father: {fileID: 2907458995278124823}
  m_RootOrder: 0
  m_LocalEulerAnglesHint: {x: 0, y: 0, z: 0}
--- !u!1 &2907458995278336269
GameObject:
  m_ObjectHideFlags: 0
  m_CorrespondingSourceObject: {fileID: 0}
  m_PrefabInstance: {fileID: 0}
  m_PrefabAsset: {fileID: 0}
  serializedVersion: 6
  m_Component:
  - component: {fileID: 2907458995278077783}
  m_Layer: 0
  m_Name: CowRig_r_HindLeg_ToeSHJnt
  m_TagString: Untagged
  m_Icon: {fileID: 0}
  m_NavMeshLayer: 0
  m_StaticEditorFlags: 0
  m_IsActive: 1
--- !u!4 &2907458995278077783
Transform:
  m_ObjectHideFlags: 0
  m_CorrespondingSourceObject: {fileID: 0}
  m_PrefabInstance: {fileID: 0}
  m_PrefabAsset: {fileID: 0}
  m_GameObject: {fileID: 2907458995278336269}
  m_LocalRotation: {x: 0, y: 0, z: 0, w: 1}
  m_LocalPosition: {x: -2.0815794, y: 8.881784e-16, z: -1.3252022}
  m_LocalScale: {x: 1, y: 1, z: 1}
  m_Children: []
  m_Father: {fileID: 2907458995278162429}
  m_RootOrder: 0
  m_LocalEulerAnglesHint: {x: 0, y: 0, z: 0}
--- !u!1 &2907458995278336887
GameObject:
  m_ObjectHideFlags: 0
  m_CorrespondingSourceObject: {fileID: 0}
  m_PrefabInstance: {fileID: 0}
  m_PrefabAsset: {fileID: 0}
  serializedVersion: 6
  m_Component:
  - component: {fileID: 2907458995278100845}
  m_Layer: 0
  m_Name: CowRig_r_FrontLeg_Knee1SHJnt
  m_TagString: Untagged
  m_Icon: {fileID: 0}
  m_NavMeshLayer: 0
  m_StaticEditorFlags: 0
  m_IsActive: 1
--- !u!4 &2907458995278100845
Transform:
  m_ObjectHideFlags: 0
  m_CorrespondingSourceObject: {fileID: 0}
  m_PrefabInstance: {fileID: 0}
  m_PrefabAsset: {fileID: 0}
  m_GameObject: {fileID: 2907458995278336887}
  m_LocalRotation: {x: -1.201502e-19, y: 0.13918605, z: 4.4371572e-16, w: 0.99026626}
  m_LocalPosition: {x: -10.075148, y: 2.1671553e-13, z: 2.220446e-15}
  m_LocalScale: {x: 1, y: 1, z: 1}
  m_Children:
  - {fileID: 2907458995278167175}
  m_Father: {fileID: 2907458995278066855}
  m_RootOrder: 0
  m_LocalEulerAnglesHint: {x: 0, y: 0, z: 0}
--- !u!1 &2907458995278338105
GameObject:
  m_ObjectHideFlags: 0
  m_CorrespondingSourceObject: {fileID: 0}
  m_PrefabInstance: {fileID: 0}
  m_PrefabAsset: {fileID: 0}
  serializedVersion: 6
  m_Component:
  - component: {fileID: 2907458995278182247}
  - component: {fileID: 2907458995273136845}
  m_Layer: 0
  m_Name: SA_Animals_Bull_Brown
  m_TagString: Untagged
  m_Icon: {fileID: 0}
  m_NavMeshLayer: 0
  m_StaticEditorFlags: 0
  m_IsActive: 0
--- !u!4 &2907458995278182247
Transform:
  m_ObjectHideFlags: 0
  m_CorrespondingSourceObject: {fileID: 0}
  m_PrefabInstance: {fileID: 0}
  m_PrefabAsset: {fileID: 0}
  m_GameObject: {fileID: 2907458995278338105}
  m_LocalRotation: {x: 0, y: 0, z: 0, w: 1}
  m_LocalPosition: {x: 0, y: 0, z: 0}
  m_LocalScale: {x: 1, y: 1, z: 1}
  m_Children: []
  m_Father: {fileID: 2907458995278120583}
  m_RootOrder: 2
  m_LocalEulerAnglesHint: {x: 0, y: 0, z: 0}
--- !u!137 &2907458995273136845
SkinnedMeshRenderer:
  m_ObjectHideFlags: 0
  m_CorrespondingSourceObject: {fileID: 0}
  m_PrefabInstance: {fileID: 0}
  m_PrefabAsset: {fileID: 0}
  m_GameObject: {fileID: 2907458995278338105}
  m_Enabled: 1
  m_CastShadows: 1
  m_ReceiveShadows: 1
  m_DynamicOccludee: 1
  m_MotionVectors: 1
  m_LightProbeUsage: 1
  m_ReflectionProbeUsage: 1
  m_RenderingLayerMask: 1
  m_RendererPriority: 0
  m_Materials:
  - {fileID: 2100000, guid: 185ca34253615de44926902d54fb6f1d, type: 2}
  m_StaticBatchInfo:
    firstSubMesh: 0
    subMeshCount: 0
  m_StaticBatchRoot: {fileID: 0}
  m_ProbeAnchor: {fileID: 0}
  m_LightProbeVolumeOverride: {fileID: 0}
  m_ScaleInLightmap: 1
  m_ReceiveGI: 1
  m_PreserveUVs: 0
  m_IgnoreNormalsForChartDetection: 0
  m_ImportantGI: 0
  m_StitchLightmapSeams: 0
  m_SelectedEditorRenderState: 3
  m_MinimumChartSize: 4
  m_AutoUVMaxDistance: 0.5
  m_AutoUVMaxAngle: 89
  m_LightmapParameters: {fileID: 0}
  m_SortingLayerID: 0
  m_SortingLayer: 0
  m_SortingOrder: 0
  serializedVersion: 2
  m_Quality: 0
  m_UpdateWhenOffscreen: 0
  m_SkinnedMotionVectors: 1
  m_Mesh: {fileID: 4300006, guid: f18cd949d6d73cb459e428cd63e6ac27, type: 3}
  m_Bones:
  - {fileID: 2907458995278109729}
  - {fileID: 2907458995278125925}
  - {fileID: 2907458995278124823}
  - {fileID: 2907458995278111251}
  - {fileID: 2907458995278124575}
  - {fileID: 2907458995278071253}
  - {fileID: 2907458995278174659}
  - {fileID: 2907458995278155617}
  - {fileID: 2907458995278166249}
  - {fileID: 2907458995278065201}
  - {fileID: 2907458995278057437}
  - {fileID: 2907458995278171103}
  - {fileID: 2907458995278171665}
  - {fileID: 2907458995278066855}
  - {fileID: 2907458995278100845}
  - {fileID: 2907458995278167175}
  - {fileID: 2907458995278174137}
  - {fileID: 2907458995278118907}
  - {fileID: 2907458995278059783}
  - {fileID: 2907458995278181173}
  - {fileID: 2907458995278075243}
  - {fileID: 2907458995278182993}
  - {fileID: 2907458995278065757}
  - {fileID: 2907458995278107519}
  - {fileID: 2907458995278097351}
  - {fileID: 2907458995278094763}
  - {fileID: 2907458995278099785}
  - {fileID: 2907458995278099573}
  - {fileID: 2907458995278165229}
  - {fileID: 2907458995278079135}
  - {fileID: 2907458995278056153}
  - {fileID: 2907458995278181059}
  - {fileID: 2907458995278163785}
  - {fileID: 2907458995278078283}
  - {fileID: 2907458995278121353}
  - {fileID: 2907458995278095655}
  - {fileID: 2907458995278071093}
  - {fileID: 2907458995278162429}
  - {fileID: 2907458995278077783}
  - {fileID: 2907458995278126555}
  - {fileID: 2907458995278063807}
  - {fileID: 2907458995278121985}
  - {fileID: 2907458995278177861}
  - {fileID: 2907458995278176333}
  m_BlendShapeWeights: []
  m_RootBone: {fileID: 2907458995278109729}
  m_AABB:
    m_Center: {x: 0, y: -4.701131, z: 21.81264}
    m_Extent: {x: 9.711727, y: 18.627655, z: 26.838194}
  m_DirtyAABB: 0
--- !u!1 &2907458995278344723
GameObject:
  m_ObjectHideFlags: 0
  m_CorrespondingSourceObject: {fileID: 0}
  m_PrefabInstance: {fileID: 0}
  m_PrefabAsset: {fileID: 0}
  serializedVersion: 6
  m_Component:
  - component: {fileID: 2907458995278121985}
  m_Layer: 0
  m_Name: CowRig_Tail_01_03SHJnt
  m_TagString: Untagged
  m_Icon: {fileID: 0}
  m_NavMeshLayer: 0
  m_StaticEditorFlags: 0
  m_IsActive: 1
--- !u!4 &2907458995278121985
Transform:
  m_ObjectHideFlags: 0
  m_CorrespondingSourceObject: {fileID: 0}
  m_PrefabInstance: {fileID: 0}
  m_PrefabAsset: {fileID: 0}
  m_GameObject: {fileID: 2907458995278344723}
  m_LocalRotation: {x: 0, y: 0, z: 0, w: 1}
  m_LocalPosition: {x: -4.3279667, y: -7.1054274e-15, z: -2.164935e-15}
  m_LocalScale: {x: 1, y: 1, z: 1}
  m_Children:
  - {fileID: 2907458995278177861}
  m_Father: {fileID: 2907458995278063807}
  m_RootOrder: 0
  m_LocalEulerAnglesHint: {x: 0, y: 0, z: 0}
--- !u!1 &2907458995278345409
GameObject:
  m_ObjectHideFlags: 0
  m_CorrespondingSourceObject: {fileID: 0}
  m_PrefabInstance: {fileID: 0}
  m_PrefabAsset: {fileID: 0}
  serializedVersion: 6
  m_Component:
  - component: {fileID: 2907458995278099785}
  m_Layer: 0
  m_Name: CowRig_r_Eye_01SHJnt
  m_TagString: Untagged
  m_Icon: {fileID: 0}
  m_NavMeshLayer: 0
  m_StaticEditorFlags: 0
  m_IsActive: 1
--- !u!4 &2907458995278099785
Transform:
  m_ObjectHideFlags: 0
  m_CorrespondingSourceObject: {fileID: 0}
  m_PrefabInstance: {fileID: 0}
  m_PrefabAsset: {fileID: 0}
  m_GameObject: {fileID: 2907458995278345409}
  m_LocalRotation: {x: 0.041563816, y: -0.5948026, z: 0.8018514, w: -0.03894411}
  m_LocalPosition: {x: 3.514648, y: 0.37611854, z: 0.6284895}
  m_LocalScale: {x: 1, y: 1, z: 1}
  m_Children: []
  m_Father: {fileID: 2907458995278097351}
  m_RootOrder: 1
  m_LocalEulerAnglesHint: {x: 0, y: 0, z: 0}
--- !u!1 &2907458995278351879
GameObject:
  m_ObjectHideFlags: 0
  m_CorrespondingSourceObject: {fileID: 0}
  m_PrefabInstance: {fileID: 0}
  m_PrefabAsset: {fileID: 0}
  serializedVersion: 6
  m_Component:
  - component: {fileID: 2907458995278182993}
  m_Layer: 0
  m_Name: CowRig_Neck_TopSHJnt
  m_TagString: Untagged
  m_Icon: {fileID: 0}
  m_NavMeshLayer: 0
  m_StaticEditorFlags: 0
  m_IsActive: 1
--- !u!4 &2907458995278182993
Transform:
  m_ObjectHideFlags: 0
  m_CorrespondingSourceObject: {fileID: 0}
  m_PrefabInstance: {fileID: 0}
  m_PrefabAsset: {fileID: 0}
  m_GameObject: {fileID: 2907458995278351879}
  m_LocalRotation: {x: 1.6700561e-16, y: 0.0016047778, z: 1.1128838e-16, w: 0.99999875}
  m_LocalPosition: {x: -2.2471187, y: -2.1689855e-16, z: 0.009899238}
  m_LocalScale: {x: 1, y: 1, z: 1}
  m_Children:
  - {fileID: 2907458995278065757}
  - {fileID: 2907458995278097351}
  m_Father: {fileID: 2907458995278075243}
  m_RootOrder: 0
  m_LocalEulerAnglesHint: {x: 0, y: 0, z: 0}
--- !u!1 &2907458995278352273
GameObject:
  m_ObjectHideFlags: 0
  m_CorrespondingSourceObject: {fileID: 0}
  m_PrefabInstance: {fileID: 0}
  m_PrefabAsset: {fileID: 0}
  serializedVersion: 6
  m_Component:
  - component: {fileID: 2907458995278078803}
  - component: {fileID: 2907458995269118225}
  - component: {fileID: 2907458994673045357}
  - component: {fileID: 2830562662769730000}
  - component: {fileID: 8612496730532132244}
  - component: {fileID: 889034482}
  m_Layer: 0
  m_Name: Animal_Cow_Brown
  m_TagString: Untagged
  m_Icon: {fileID: 0}
  m_NavMeshLayer: 0
  m_StaticEditorFlags: 0
  m_IsActive: 1
--- !u!4 &2907458995278078803
Transform:
  m_ObjectHideFlags: 0
  m_CorrespondingSourceObject: {fileID: 0}
  m_PrefabInstance: {fileID: 0}
  m_PrefabAsset: {fileID: 0}
  m_GameObject: {fileID: 2907458995278352273}
  m_LocalRotation: {x: 0, y: 1, z: 0, w: 0}
  m_LocalPosition: {x: 0.083794594, y: 0, z: 10.980575}
  m_LocalScale: {x: 0.09, y: 0.09, z: 0.09}
  m_Children:
  - {fileID: 2907458995278120583}
  m_Father: {fileID: 0}
  m_RootOrder: 0
  m_LocalEulerAnglesHint: {x: 0, y: 180, z: 0}
--- !u!95 &2907458995269118225
Animator:
  serializedVersion: 3
  m_ObjectHideFlags: 0
  m_CorrespondingSourceObject: {fileID: 0}
  m_PrefabInstance: {fileID: 0}
  m_PrefabAsset: {fileID: 0}
  m_GameObject: {fileID: 2907458995278352273}
  m_Enabled: 1
  m_Avatar: {fileID: 9000000, guid: f18cd949d6d73cb459e428cd63e6ac27, type: 3}
  m_Controller: {fileID: 9100000, guid: d044bcc821b15eb40b3df145373ba26d, type: 2}
  m_CullingMode: 1
  m_UpdateMode: 0
  m_ApplyRootMotion: 0
  m_LinearVelocityBlending: 0
  m_WarningMessage: 
  m_HasTransformHierarchy: 1
  m_AllowConstantClipSamplingOptimization: 1
  m_KeepAnimatorControllerStateOnDisable: 0
--- !u!114 &2907458994673045357
MonoBehaviour:
  m_ObjectHideFlags: 0
  m_CorrespondingSourceObject: {fileID: 0}
  m_PrefabInstance: {fileID: 0}
  m_PrefabAsset: {fileID: 0}
  m_GameObject: {fileID: 2907458995278352273}
  m_Enabled: 1
  m_EditorHideFlags: 0
  m_Script: {fileID: 11500000, guid: 27df7ee9bc5cf454fbbf268446fbc3d2, type: 3}
  m_Name: 
  m_EditorClassIdentifier: 
  speed: 10
--- !u!114 &2830562662769730000
MonoBehaviour:
  m_ObjectHideFlags: 0
  m_CorrespondingSourceObject: {fileID: 0}
  m_PrefabInstance: {fileID: 0}
  m_PrefabAsset: {fileID: 0}
  m_GameObject: {fileID: 2907458995278352273}
  m_Enabled: 1
  m_EditorHideFlags: 0
  m_Script: {fileID: 11500000, guid: 9a95c1ec8c0a3da47867661d6dd7762e, type: 3}
  m_Name: 
  m_EditorClassIdentifier: 
--- !u!65 &8612496730532132244
BoxCollider:
  m_ObjectHideFlags: 0
  m_CorrespondingSourceObject: {fileID: 0}
  m_PrefabInstance: {fileID: 0}
  m_PrefabAsset: {fileID: 0}
  m_GameObject: {fileID: 2907458995278352273}
  m_Material: {fileID: 0}
  m_IsTrigger: 1
  m_Enabled: 1
  serializedVersion: 2
  m_Size: {x: 28.936289, y: 41.351444, z: 53.46641}
  m_Center: {x: -0.3780325, y: 18.143166, z: 0.84134203}
--- !u!114 &889034482
MonoBehaviour:
  m_ObjectHideFlags: 0
  m_CorrespondingSourceObject: {fileID: 0}
  m_PrefabInstance: {fileID: 0}
  m_PrefabAsset: {fileID: 0}
  m_GameObject: {fileID: 2907458995278352273}
  m_Enabled: 1
  m_EditorHideFlags: 0
  m_Script: {fileID: 11500000, guid: 82627975fe61d0d44b7b3968d36938d7, type: 3}
  m_Name: 
  m_EditorClassIdentifier: 
--- !u!1 &2907458995278352561
GameObject:
  m_ObjectHideFlags: 0
  m_CorrespondingSourceObject: {fileID: 0}
  m_PrefabInstance: {fileID: 0}
  m_PrefabAsset: {fileID: 0}
  serializedVersion: 6
  m_Component:
  - component: {fileID: 2907458995278079135}
  m_Layer: 0
  m_Name: CowRig_l_HindLeg_Knee2SHJnt
  m_TagString: Untagged
  m_Icon: {fileID: 0}
  m_NavMeshLayer: 0
  m_StaticEditorFlags: 0
  m_IsActive: 1
--- !u!4 &2907458995278079135
Transform:
  m_ObjectHideFlags: 0
  m_CorrespondingSourceObject: {fileID: 0}
  m_PrefabInstance: {fileID: 0}
  m_PrefabAsset: {fileID: 0}
  m_GameObject: {fileID: 2907458995278352561}
  m_LocalRotation: {x: 1.1538312e-16, y: 0.28470242, z: 4.353552e-16, w: 0.95861596}
  m_LocalPosition: {x: -5.912659, y: -1.15463195e-14, z: 0}
  m_LocalScale: {x: 1, y: 1, z: 1}
  m_Children:
  - {fileID: 2907458995278056153}
  m_Father: {fileID: 2907458995278165229}
  m_RootOrder: 0
  m_LocalEulerAnglesHint: {x: 0, y: 0, z: 0}
--- !u!1 &2907458995278355451
GameObject:
  m_ObjectHideFlags: 0
  m_CorrespondingSourceObject: {fileID: 0}
  m_PrefabInstance: {fileID: 0}
  m_PrefabAsset: {fileID: 0}
  serializedVersion: 6
  m_Component:
  - component: {fileID: 2907458995278167175}
  m_Layer: 0
  m_Name: CowRig_r_FrontLeg_Knee2SHJnt
  m_TagString: Untagged
  m_Icon: {fileID: 0}
  m_NavMeshLayer: 0
  m_StaticEditorFlags: 0
  m_IsActive: 1
--- !u!4 &2907458995278167175
Transform:
  m_ObjectHideFlags: 0
  m_CorrespondingSourceObject: {fileID: 0}
  m_PrefabInstance: {fileID: 0}
  m_PrefabAsset: {fileID: 0}
  m_GameObject: {fileID: 2907458995278355451}
  m_LocalRotation: {x: -2.3511694e-16, y: -0.038044825, z: 2.5701953e-15, w: 0.99927604}
  m_LocalPosition: {x: -4.5438857, y: 1.03916875e-13, z: 0}
  m_LocalScale: {x: 1, y: 1, z: 1}
  m_Children:
  - {fileID: 2907458995278174137}
  m_Father: {fileID: 2907458995278100845}
  m_RootOrder: 0
  m_LocalEulerAnglesHint: {x: 0, y: 0, z: 0}
--- !u!1 &2907458995278357065
GameObject:
  m_ObjectHideFlags: 0
  m_CorrespondingSourceObject: {fileID: 0}
  m_PrefabInstance: {fileID: 0}
  m_PrefabAsset: {fileID: 0}
  serializedVersion: 6
  m_Component:
  - component: {fileID: 2907458995278061755}
  - component: {fileID: 2907458995273121085}
  m_Layer: 0
  m_Name: SA_Animals_Bull_Black
  m_TagString: Untagged
  m_Icon: {fileID: 0}
  m_NavMeshLayer: 0
  m_StaticEditorFlags: 0
  m_IsActive: 0
--- !u!4 &2907458995278061755
Transform:
  m_ObjectHideFlags: 0
  m_CorrespondingSourceObject: {fileID: 0}
  m_PrefabInstance: {fileID: 0}
  m_PrefabAsset: {fileID: 0}
  m_GameObject: {fileID: 2907458995278357065}
  m_LocalRotation: {x: 0, y: 0, z: 0, w: 1}
  m_LocalPosition: {x: 0, y: 0, z: 0}
  m_LocalScale: {x: 1, y: 1, z: 1}
  m_Children: []
  m_Father: {fileID: 2907458995278120583}
  m_RootOrder: 1
  m_LocalEulerAnglesHint: {x: 0, y: 0, z: 0}
--- !u!137 &2907458995273121085
SkinnedMeshRenderer:
  m_ObjectHideFlags: 0
  m_CorrespondingSourceObject: {fileID: 0}
  m_PrefabInstance: {fileID: 0}
  m_PrefabAsset: {fileID: 0}
  m_GameObject: {fileID: 2907458995278357065}
  m_Enabled: 1
  m_CastShadows: 1
  m_ReceiveShadows: 1
  m_DynamicOccludee: 1
  m_MotionVectors: 1
  m_LightProbeUsage: 1
  m_ReflectionProbeUsage: 1
  m_RenderingLayerMask: 1
  m_RendererPriority: 0
  m_Materials:
  - {fileID: 2100000, guid: 185ca34253615de44926902d54fb6f1d, type: 2}
  m_StaticBatchInfo:
    firstSubMesh: 0
    subMeshCount: 0
  m_StaticBatchRoot: {fileID: 0}
  m_ProbeAnchor: {fileID: 0}
  m_LightProbeVolumeOverride: {fileID: 0}
  m_ScaleInLightmap: 1
  m_ReceiveGI: 1
  m_PreserveUVs: 0
  m_IgnoreNormalsForChartDetection: 0
  m_ImportantGI: 0
  m_StitchLightmapSeams: 0
  m_SelectedEditorRenderState: 3
  m_MinimumChartSize: 4
  m_AutoUVMaxDistance: 0.5
  m_AutoUVMaxAngle: 89
  m_LightmapParameters: {fileID: 0}
  m_SortingLayerID: 0
  m_SortingLayer: 0
  m_SortingOrder: 0
  serializedVersion: 2
  m_Quality: 0
  m_UpdateWhenOffscreen: 0
  m_SkinnedMotionVectors: 1
  m_Mesh: {fileID: 4300000, guid: f18cd949d6d73cb459e428cd63e6ac27, type: 3}
  m_Bones:
  - {fileID: 2907458995278109729}
  - {fileID: 2907458995278125925}
  - {fileID: 2907458995278124823}
  - {fileID: 2907458995278111251}
  - {fileID: 2907458995278124575}
  - {fileID: 2907458995278071253}
  - {fileID: 2907458995278174659}
  - {fileID: 2907458995278155617}
  - {fileID: 2907458995278166249}
  - {fileID: 2907458995278065201}
  - {fileID: 2907458995278057437}
  - {fileID: 2907458995278171103}
  - {fileID: 2907458995278171665}
  - {fileID: 2907458995278066855}
  - {fileID: 2907458995278100845}
  - {fileID: 2907458995278167175}
  - {fileID: 2907458995278174137}
  - {fileID: 2907458995278118907}
  - {fileID: 2907458995278059783}
  - {fileID: 2907458995278181173}
  - {fileID: 2907458995278075243}
  - {fileID: 2907458995278182993}
  - {fileID: 2907458995278065757}
  - {fileID: 2907458995278107519}
  - {fileID: 2907458995278097351}
  - {fileID: 2907458995278094763}
  - {fileID: 2907458995278099785}
  - {fileID: 2907458995278099573}
  - {fileID: 2907458995278165229}
  - {fileID: 2907458995278079135}
  - {fileID: 2907458995278056153}
  - {fileID: 2907458995278181059}
  - {fileID: 2907458995278163785}
  - {fileID: 2907458995278078283}
  - {fileID: 2907458995278121353}
  - {fileID: 2907458995278095655}
  - {fileID: 2907458995278071093}
  - {fileID: 2907458995278162429}
  - {fileID: 2907458995278077783}
  - {fileID: 2907458995278126555}
  - {fileID: 2907458995278063807}
  - {fileID: 2907458995278121985}
  - {fileID: 2907458995278177861}
  - {fileID: 2907458995278176333}
  m_BlendShapeWeights: []
  m_RootBone: {fileID: 2907458995278109729}
  m_AABB:
    m_Center: {x: 0, y: -4.701131, z: 21.81264}
    m_Extent: {x: 9.711727, y: 18.627655, z: 26.838194}
  m_DirtyAABB: 0
--- !u!1 &2907458995278357371
GameObject:
  m_ObjectHideFlags: 0
  m_CorrespondingSourceObject: {fileID: 0}
  m_PrefabInstance: {fileID: 0}
  m_PrefabAsset: {fileID: 0}
  serializedVersion: 6
  m_Component:
  - component: {fileID: 2907458995278075243}
  m_Layer: 0
  m_Name: CowRig_Neck_02SHJnt
  m_TagString: Untagged
  m_Icon: {fileID: 0}
  m_NavMeshLayer: 0
  m_StaticEditorFlags: 0
  m_IsActive: 1
--- !u!4 &2907458995278075243
Transform:
  m_ObjectHideFlags: 0
  m_CorrespondingSourceObject: {fileID: 0}
  m_PrefabInstance: {fileID: 0}
  m_PrefabAsset: {fileID: 0}
  m_GameObject: {fileID: 2907458995278357371}
  m_LocalRotation: {x: -4.375242e-12, y: -1.0413697e-15, z: 1.6711298e-18, w: 1}
  m_LocalPosition: {x: -1.8384526, y: 3.1064195e-14, z: -0.020564176}
  m_LocalScale: {x: 1, y: 1, z: 1}
  m_Children:
  - {fileID: 2907458995278182993}
  m_Father: {fileID: 2907458995278181173}
  m_RootOrder: 0
  m_LocalEulerAnglesHint: {x: 0, y: 0, z: 0}
--- !u!1 &2907458995278359379
GameObject:
  m_ObjectHideFlags: 0
  m_CorrespondingSourceObject: {fileID: 0}
  m_PrefabInstance: {fileID: 0}
  m_PrefabAsset: {fileID: 0}
  serializedVersion: 6
  m_Component:
  - component: {fileID: 2907458995278121353}
  m_Layer: 0
  m_Name: CowRig_r_HindLeg_Knee1SHJnt
  m_TagString: Untagged
  m_Icon: {fileID: 0}
  m_NavMeshLayer: 0
  m_StaticEditorFlags: 0
  m_IsActive: 1
--- !u!4 &2907458995278121353
Transform:
  m_ObjectHideFlags: 0
  m_CorrespondingSourceObject: {fileID: 0}
  m_PrefabInstance: {fileID: 0}
  m_PrefabAsset: {fileID: 0}
  m_GameObject: {fileID: 2907458995278359379}
  m_LocalRotation: {x: -9.5368465e-18, y: -0.34492317, z: -4.9662263e-17, w: 0.93863094}
  m_LocalPosition: {x: -8.552183, y: 8.881784e-16, z: -3.5527137e-15}
  m_LocalScale: {x: 1, y: 1, z: 1}
  m_Children:
  - {fileID: 2907458995278095655}
  m_Father: {fileID: 2907458995278078283}
  m_RootOrder: 0
  m_LocalEulerAnglesHint: {x: 0, y: 0, z: 0}
--- !u!1 &2907458995278359821
GameObject:
  m_ObjectHideFlags: 0
  m_CorrespondingSourceObject: {fileID: 0}
  m_PrefabInstance: {fileID: 0}
  m_PrefabAsset: {fileID: 0}
  serializedVersion: 6
  m_Component:
  - component: {fileID: 2907458995278125925}
  m_Layer: 0
  m_Name: CowRig_Spine_01SHJnt
  m_TagString: Untagged
  m_Icon: {fileID: 0}
  m_NavMeshLayer: 0
  m_StaticEditorFlags: 0
  m_IsActive: 1
--- !u!4 &2907458995278125925
Transform:
  m_ObjectHideFlags: 0
  m_CorrespondingSourceObject: {fileID: 0}
  m_PrefabInstance: {fileID: 0}
  m_PrefabAsset: {fileID: 0}
  m_GameObject: {fileID: 2907458995278359821}
  m_LocalRotation: {x: 0.49171552, y: 0.49171552, z: -0.50814945, w: 0.50814945}
  m_LocalPosition: {x: 3.9443045e-31, y: 0.21602744, z: 5.2890077}
  m_LocalScale: {x: 1, y: 1, z: 1}
  m_Children:
  - {fileID: 2907458995278124823}
  m_Father: {fileID: 2907458995278109729}
  m_RootOrder: 2
  m_LocalEulerAnglesHint: {x: 0, y: 0, z: 0}
--- !u!1 &2907458995278364591
GameObject:
  m_ObjectHideFlags: 0
  m_CorrespondingSourceObject: {fileID: 0}
  m_PrefabInstance: {fileID: 0}
  m_PrefabAsset: {fileID: 0}
  serializedVersion: 6
  m_Component:
  - component: {fileID: 2907458995278171665}
  m_Layer: 0
  m_Name: CowRig_r_Clavicle_01_01SHJnt
  m_TagString: Untagged
  m_Icon: {fileID: 0}
  m_NavMeshLayer: 0
  m_StaticEditorFlags: 0
  m_IsActive: 1
--- !u!4 &2907458995278171665
Transform:
  m_ObjectHideFlags: 0
  m_CorrespondingSourceObject: {fileID: 0}
  m_PrefabInstance: {fileID: 0}
  m_PrefabAsset: {fileID: 0}
  m_GameObject: {fileID: 2907458995278364591}
  m_LocalRotation: {x: 0, y: 0, z: 0.7071068, w: 0.7071068}
  m_LocalPosition: {x: 1.687539e-14, y: 0.9673913, z: 3.907985e-14}
  m_LocalScale: {x: 1, y: 1, z: 1}
  m_Children:
  - {fileID: 2907458995278066855}
  m_Father: {fileID: 2907458995278124575}
  m_RootOrder: 2
  m_LocalEulerAnglesHint: {x: 0, y: 0, z: 0}
--- !u!1 &2907458995278365461
GameObject:
  m_ObjectHideFlags: 0
  m_CorrespondingSourceObject: {fileID: 0}
  m_PrefabInstance: {fileID: 0}
  m_PrefabAsset: {fileID: 0}
  serializedVersion: 6
  m_Component:
  - component: {fileID: 2907458995278056153}
  m_Layer: 0
  m_Name: CowRig_l_HindLeg_AnkleSHJnt
  m_TagString: Untagged
  m_Icon: {fileID: 0}
  m_NavMeshLayer: 0
  m_StaticEditorFlags: 0
  m_IsActive: 1
--- !u!4 &2907458995278056153
Transform:
  m_ObjectHideFlags: 0
  m_CorrespondingSourceObject: {fileID: 0}
  m_PrefabInstance: {fileID: 0}
  m_PrefabAsset: {fileID: 0}
  m_GameObject: {fileID: 2907458995278365461}
  m_LocalRotation: {x: -4.0039425e-18, y: -0.0104714725, z: 3.9476775e-16, w: 0.99994516}
  m_LocalPosition: {x: -4.813167, y: -8.881784e-16, z: -3.5527137e-15}
  m_LocalScale: {x: 1, y: 1, z: 1}
  m_Children:
  - {fileID: 2907458995278181059}
  m_Father: {fileID: 2907458995278079135}
  m_RootOrder: 0
  m_LocalEulerAnglesHint: {x: 0, y: 0, z: 0}
--- !u!1 &2907458995278365755
GameObject:
  m_ObjectHideFlags: 0
  m_CorrespondingSourceObject: {fileID: 0}
  m_PrefabInstance: {fileID: 0}
  m_PrefabAsset: {fileID: 0}
  serializedVersion: 6
  m_Component:
  - component: {fileID: 2907458995278163785}
  m_Layer: 0
  m_Name: CowRig_l_HindLeg_ToeSHJnt
  m_TagString: Untagged
  m_Icon: {fileID: 0}
  m_NavMeshLayer: 0
  m_StaticEditorFlags: 0
  m_IsActive: 1
--- !u!4 &2907458995278163785
Transform:
  m_ObjectHideFlags: 0
  m_CorrespondingSourceObject: {fileID: 0}
  m_PrefabInstance: {fileID: 0}
  m_PrefabAsset: {fileID: 0}
  m_GameObject: {fileID: 2907458995278365755}
  m_LocalRotation: {x: -0.5000015, y: 0.4999985, z: 0.4999985, w: 0.5000015}
  m_LocalPosition: {x: -5.0481524, y: 0.000006310851, z: -18.672718}
  m_LocalScale: {x: 1, y: 1, z: 1}
  m_Children: []
  m_Father: {fileID: 2907458995278181059}
  m_RootOrder: 0
  m_LocalEulerAnglesHint: {x: 0, y: 0, z: 0}
--- !u!1 &2907458995278366813
GameObject:
  m_ObjectHideFlags: 0
  m_CorrespondingSourceObject: {fileID: 0}
  m_PrefabInstance: {fileID: 0}
  m_PrefabAsset: {fileID: 0}
  serializedVersion: 6
  m_Component:
  - component: {fileID: 2907458995278071253}
  m_Layer: 0
  m_Name: CowRig_l_Clavicle_01_01SHJnt
  m_TagString: Untagged
  m_Icon: {fileID: 0}
  m_NavMeshLayer: 0
  m_StaticEditorFlags: 0
  m_IsActive: 1
--- !u!4 &2907458995278071253
Transform:
  m_ObjectHideFlags: 0
  m_CorrespondingSourceObject: {fileID: 0}
  m_PrefabInstance: {fileID: 0}
  m_PrefabAsset: {fileID: 0}
  m_GameObject: {fileID: 2907458995278366813}
  m_LocalRotation: {x: 0, y: 0, z: 0.7071068, w: 0.7071068}
  m_LocalPosition: {x: -2.1316282e-14, y: -0.9673913, z: -7.1054274e-15}
  m_LocalScale: {x: 1, y: 1, z: 1}
  m_Children:
  - {fileID: 2907458995278174659}
  m_Father: {fileID: 2907458995278124575}
  m_RootOrder: 0
  m_LocalEulerAnglesHint: {x: 0, y: 0, z: 0}
--- !u!1 &2907458995278367683
GameObject:
  m_ObjectHideFlags: 0
  m_CorrespondingSourceObject: {fileID: 0}
  m_PrefabInstance: {fileID: 0}
  m_PrefabAsset: {fileID: 0}
  serializedVersion: 6
  m_Component:
  - component: {fileID: 2907458995278071093}
  m_Layer: 0
  m_Name: CowRig_r_HindLeg_AnkleSHJnt
  m_TagString: Untagged
  m_Icon: {fileID: 0}
  m_NavMeshLayer: 0
  m_StaticEditorFlags: 0
  m_IsActive: 1
--- !u!4 &2907458995278071093
Transform:
  m_ObjectHideFlags: 0
  m_CorrespondingSourceObject: {fileID: 0}
  m_PrefabInstance: {fileID: 0}
  m_PrefabAsset: {fileID: 0}
  m_GameObject: {fileID: 2907458995278367683}
  m_LocalRotation: {x: 6.00716e-19, y: -0.0104714725, z: -5.3652453e-17, w: 0.99994516}
  m_LocalPosition: {x: -4.813167, y: -5.3290705e-15, z: -7.1054274e-15}
  m_LocalScale: {x: 1, y: 1, z: 1}
  m_Children:
  - {fileID: 2907458995278162429}
  m_Father: {fileID: 2907458995278095655}
  m_RootOrder: 0
  m_LocalEulerAnglesHint: {x: 0, y: 0, z: 0}
--- !u!1 &2907458995278369319
GameObject:
  m_ObjectHideFlags: 0
  m_CorrespondingSourceObject: {fileID: 0}
  m_PrefabInstance: {fileID: 0}
  m_PrefabAsset: {fileID: 0}
  serializedVersion: 6
  m_Component:
  - component: {fileID: 2907458995278099573}
  m_Layer: 0
  m_Name: CowRig_l_HindLeg_HipSHJnt
  m_TagString: Untagged
  m_Icon: {fileID: 0}
  m_NavMeshLayer: 0
  m_StaticEditorFlags: 0
  m_IsActive: 1
--- !u!4 &2907458995278099573
Transform:
  m_ObjectHideFlags: 0
  m_CorrespondingSourceObject: {fileID: 0}
  m_PrefabInstance: {fileID: 0}
  m_PrefabAsset: {fileID: 0}
  m_GameObject: {fileID: 2907458995278369319}
  m_LocalRotation: {x: -0.05223042, y: 0.05223042, z: 0.70517516, w: 0.70517516}
  m_LocalPosition: {x: -5.0481524, y: -1, z: -0.21755739}
  m_LocalScale: {x: 1, y: 1, z: 1}
  m_Children:
  - {fileID: 2907458995278165229}
  m_Father: {fileID: 2907458995278109729}
  m_RootOrder: 0
  m_LocalEulerAnglesHint: {x: 0, y: 0, z: 0}
--- !u!1 &2907458995278369881
GameObject:
  m_ObjectHideFlags: 0
  m_CorrespondingSourceObject: {fileID: 0}
  m_PrefabInstance: {fileID: 0}
  m_PrefabAsset: {fileID: 0}
  serializedVersion: 6
  m_Component:
  - component: {fileID: 2907458995278162429}
  m_Layer: 0
  m_Name: CowRig_r_HindLeg_BallSHJnt
  m_TagString: Untagged
  m_Icon: {fileID: 0}
  m_NavMeshLayer: 0
  m_StaticEditorFlags: 0
  m_IsActive: 1
--- !u!4 &2907458995278162429
Transform:
  m_ObjectHideFlags: 0
  m_CorrespondingSourceObject: {fileID: 0}
  m_PrefabInstance: {fileID: 0}
  m_PrefabAsset: {fileID: 0}
  m_GameObject: {fileID: 2907458995278369881}
  m_LocalRotation: {x: 9.6818586e-17, y: 0.7071049, z: -9.68191e-17, w: 0.7071087}
  m_LocalPosition: {x: -2.7119174, y: -1.7763568e-15, z: 0.36663532}
  m_LocalScale: {x: 1, y: 1, z: 1}
  m_Children:
  - {fileID: 2907458995278077783}
  m_Father: {fileID: 2907458995278071093}
  m_RootOrder: 0
  m_LocalEulerAnglesHint: {x: 0, y: 0, z: 0}
--- !u!1 &2907458995278370321
GameObject:
  m_ObjectHideFlags: 0
  m_CorrespondingSourceObject: {fileID: 0}
  m_PrefabInstance: {fileID: 0}
  m_PrefabAsset: {fileID: 0}
  serializedVersion: 6
  m_Component:
  - component: {fileID: 2907458995278177861}
  m_Layer: 0
  m_Name: CowRig_Tail_01_04SHJnt
  m_TagString: Untagged
  m_Icon: {fileID: 0}
  m_NavMeshLayer: 0
  m_StaticEditorFlags: 0
  m_IsActive: 1
--- !u!4 &2907458995278177861
Transform:
  m_ObjectHideFlags: 0
  m_CorrespondingSourceObject: {fileID: 0}
  m_PrefabInstance: {fileID: 0}
  m_PrefabAsset: {fileID: 0}
  m_GameObject: {fileID: 2907458995278370321}
  m_LocalRotation: {x: 0, y: 0, z: 0, w: 1}
  m_LocalPosition: {x: -4.6762443, y: 1.4210855e-14, z: -3.9412917e-15}
  m_LocalScale: {x: 1, y: 1, z: 1}
  m_Children:
  - {fileID: 2907458995278176333}
  m_Father: {fileID: 2907458995278121985}
  m_RootOrder: 0
  m_LocalEulerAnglesHint: {x: 0, y: 0, z: 0}
--- !u!1 &2907458995278372761
GameObject:
  m_ObjectHideFlags: 0
  m_CorrespondingSourceObject: {fileID: 0}
  m_PrefabInstance: {fileID: 0}
  m_PrefabAsset: {fileID: 0}
  serializedVersion: 6
  m_Component:
  - component: {fileID: 2907458995278165229}
  m_Layer: 0
  m_Name: CowRig_l_HindLeg_Knee1SHJnt
  m_TagString: Untagged
  m_Icon: {fileID: 0}
  m_NavMeshLayer: 0
  m_StaticEditorFlags: 0
  m_IsActive: 1
--- !u!4 &2907458995278165229
Transform:
  m_ObjectHideFlags: 0
  m_CorrespondingSourceObject: {fileID: 0}
  m_PrefabInstance: {fileID: 0}
  m_PrefabAsset: {fileID: 0}
  m_GameObject: {fileID: 2907458995278372761}
  m_LocalRotation: {x: 1.3766817e-16, y: -0.34492317, z: 6.591515e-16, w: 0.93863094}
  m_LocalPosition: {x: -8.552183, y: -9.769963e-15, z: 0}
  m_LocalScale: {x: 1, y: 1, z: 1}
  m_Children:
  - {fileID: 2907458995278079135}
  m_Father: {fileID: 2907458995278099573}
  m_RootOrder: 0
  m_LocalEulerAnglesHint: {x: 0, y: 0, z: 0}
--- !u!1 &2907458995278373517
GameObject:
  m_ObjectHideFlags: 0
  m_CorrespondingSourceObject: {fileID: 0}
  m_PrefabInstance: {fileID: 0}
  m_PrefabAsset: {fileID: 0}
  serializedVersion: 6
  m_Component:
  - component: {fileID: 2907458995278171103}
  m_Layer: 0
  m_Name: CowRig_l_FrontLeg_ToeSHJnt
  m_TagString: Untagged
  m_Icon: {fileID: 0}
  m_NavMeshLayer: 0
  m_StaticEditorFlags: 0
  m_IsActive: 1
--- !u!4 &2907458995278171103
Transform:
  m_ObjectHideFlags: 0
  m_CorrespondingSourceObject: {fileID: 0}
  m_PrefabInstance: {fileID: 0}
  m_PrefabAsset: {fileID: 0}
  m_GameObject: {fileID: 2907458995278373517}
  m_LocalRotation: {x: 0, y: 0, z: 0, w: 1}
  m_LocalPosition: {x: -2.1864672, y: 3.28626e-14, z: -1.3599976}
  m_LocalScale: {x: 1, y: 1, z: 1}
  m_Children: []
  m_Father: {fileID: 2907458995278057437}
  m_RootOrder: 0
  m_LocalEulerAnglesHint: {x: 0, y: 0, z: 0}
--- !u!1 &2907458995278374185
GameObject:
  m_ObjectHideFlags: 0
  m_CorrespondingSourceObject: {fileID: 0}
  m_PrefabInstance: {fileID: 0}
  m_PrefabAsset: {fileID: 0}
  serializedVersion: 6
  m_Component:
  - component: {fileID: 2907458995278066855}
  m_Layer: 0
  m_Name: CowRig_r_FrontLeg_HipSHJnt
  m_TagString: Untagged
  m_Icon: {fileID: 0}
  m_NavMeshLayer: 0
  m_StaticEditorFlags: 0
  m_IsActive: 1
--- !u!4 &2907458995278066855
Transform:
  m_ObjectHideFlags: 0
  m_CorrespondingSourceObject: {fileID: 0}
  m_PrefabInstance: {fileID: 0}
  m_PrefabAsset: {fileID: 0}
  m_GameObject: {fileID: 2907458995278374185}
  m_LocalRotation: {x: -0.46150416, y: 0.46150416, z: 0.5357368, w: 0.5357368}
  m_LocalPosition: {x: 3.6131086, y: -2.6645353e-15, z: 1.7474079}
  m_LocalScale: {x: 1, y: 1, z: 1}
  m_Children:
  - {fileID: 2907458995278100845}
  m_Father: {fileID: 2907458995278171665}
  m_RootOrder: 0
  m_LocalEulerAnglesHint: {x: 0, y: 0, z: 0}
--- !u!1 &2907458995278375823
GameObject:
  m_ObjectHideFlags: 0
  m_CorrespondingSourceObject: {fileID: 0}
  m_PrefabInstance: {fileID: 0}
  m_PrefabAsset: {fileID: 0}
  serializedVersion: 6
  m_Component:
  - component: {fileID: 2907458995278126555}
  m_Layer: 0
  m_Name: CowRig_Tail_01_01SHJnt
  m_TagString: Untagged
  m_Icon: {fileID: 0}
  m_NavMeshLayer: 0
  m_StaticEditorFlags: 0
  m_IsActive: 1
--- !u!4 &2907458995278126555
Transform:
  m_ObjectHideFlags: 0
  m_CorrespondingSourceObject: {fileID: 0}
  m_PrefabInstance: {fileID: 0}
  m_PrefabAsset: {fileID: 0}
  m_GameObject: {fileID: 2907458995278375823}
  m_LocalRotation: {x: -0, y: -0.7071068, z: 0, w: 0.7071068}
  m_LocalPosition: {x: 5.557149e-16, y: 2.685099, z: -1.3317893}
  m_LocalScale: {x: 1, y: 1, z: 1}
  m_Children:
  - {fileID: 2907458995278063807}
  m_Father: {fileID: 2907458995278109729}
  m_RootOrder: 3
  m_LocalEulerAnglesHint: {x: 0, y: 0, z: 0}
--- !u!1 &2907458995278379931
GameObject:
  m_ObjectHideFlags: 0
  m_CorrespondingSourceObject: {fileID: 0}
  m_PrefabInstance: {fileID: 0}
  m_PrefabAsset: {fileID: 0}
  serializedVersion: 6
  m_Component:
  - component: {fileID: 2907458995278109729}
  m_Layer: 0
  m_Name: CowRig_ROOTSHJnt
  m_TagString: Untagged
  m_Icon: {fileID: 0}
  m_NavMeshLayer: 0
  m_StaticEditorFlags: 0
  m_IsActive: 1
--- !u!4 &2907458995278109729
Transform:
  m_ObjectHideFlags: 0
  m_CorrespondingSourceObject: {fileID: 0}
  m_PrefabInstance: {fileID: 0}
  m_PrefabAsset: {fileID: 0}
  m_GameObject: {fileID: 2907458995278379931}
  m_LocalRotation: {x: 0, y: 0, z: 0, w: 1}
  m_LocalPosition: {x: -3.9443045e-31, y: 23.328762, z: -19.141205}
  m_LocalScale: {x: 1, y: 1, z: 1}
  m_Children:
  - {fileID: 2907458995278099573}
  - {fileID: 2907458995278078283}
  - {fileID: 2907458995278125925}
  - {fileID: 2907458995278126555}
  m_Father: {fileID: 2907458995278120583}
  m_RootOrder: 0
  m_LocalEulerAnglesHint: {x: 0, y: 0, z: 0}
--- !u!1 &2907458995278414993
GameObject:
  m_ObjectHideFlags: 0
  m_CorrespondingSourceObject: {fileID: 0}
  m_PrefabInstance: {fileID: 0}
  m_PrefabAsset: {fileID: 0}
  serializedVersion: 6
  m_Component:
  - component: {fileID: 2907458995278124575}
  m_Layer: 0
  m_Name: CowRig_Spine_TopSHJnt
  m_TagString: Untagged
  m_Icon: {fileID: 0}
  m_NavMeshLayer: 0
  m_StaticEditorFlags: 0
  m_IsActive: 1
--- !u!4 &2907458995278124575
Transform:
  m_ObjectHideFlags: 0
  m_CorrespondingSourceObject: {fileID: 0}
  m_PrefabInstance: {fileID: 0}
  m_PrefabAsset: {fileID: 0}
  m_GameObject: {fileID: 2907458995278414993}
  m_LocalRotation: {x: -1.3501099e-16, y: 0.016433895, z: -1.0238068e-14, w: 0.999865}
  m_LocalPosition: {x: -8.275755, y: 1.6890439e-13, z: 0.0559723}
  m_LocalScale: {x: 1, y: 1, z: 1}
  m_Children:
  - {fileID: 2907458995278071253}
  - {fileID: 2907458995278181173}
  - {fileID: 2907458995278171665}
  m_Father: {fileID: 2907458995278111251}
  m_RootOrder: 0
  m_LocalEulerAnglesHint: {x: 0, y: 0, z: 0}
--- !u!1 &2907458995278415913
GameObject:
  m_ObjectHideFlags: 0
  m_CorrespondingSourceObject: {fileID: 0}
  m_PrefabInstance: {fileID: 0}
  m_PrefabAsset: {fileID: 0}
  serializedVersion: 6
  m_Component:
  - component: {fileID: 2907458995278174659}
  m_Layer: 0
  m_Name: CowRig_l_FrontLeg_HipSHJnt
  m_TagString: Untagged
  m_Icon: {fileID: 0}
  m_NavMeshLayer: 0
  m_StaticEditorFlags: 0
  m_IsActive: 1
--- !u!4 &2907458995278174659
Transform:
  m_ObjectHideFlags: 0
  m_CorrespondingSourceObject: {fileID: 0}
  m_PrefabInstance: {fileID: 0}
  m_PrefabAsset: {fileID: 0}
  m_GameObject: {fileID: 2907458995278415913}
  m_LocalRotation: {x: -0.46150416, y: 0.46150416, z: 0.5357368, w: 0.5357368}
  m_LocalPosition: {x: -3.6131086, y: -2.6645353e-15, z: 1.7474079}
  m_LocalScale: {x: 1, y: 1, z: 1}
  m_Children:
  - {fileID: 2907458995278155617}
  m_Father: {fileID: 2907458995278071253}
  m_RootOrder: 0
  m_LocalEulerAnglesHint: {x: 0, y: 0, z: 0}
--- !u!1 &2907458995278416259
GameObject:
  m_ObjectHideFlags: 0
  m_CorrespondingSourceObject: {fileID: 0}
  m_PrefabInstance: {fileID: 0}
  m_PrefabAsset: {fileID: 0}
  serializedVersion: 6
  m_Component:
  - component: {fileID: 2907458995278057437}
  m_Layer: 0
  m_Name: CowRig_l_FrontLeg_BallSHJnt
  m_TagString: Untagged
  m_Icon: {fileID: 0}
  m_NavMeshLayer: 0
  m_StaticEditorFlags: 0
  m_IsActive: 1
--- !u!4 &2907458995278057437
Transform:
  m_ObjectHideFlags: 0
  m_CorrespondingSourceObject: {fileID: 0}
  m_PrefabInstance: {fileID: 0}
  m_PrefabAsset: {fileID: 0}
  m_GameObject: {fileID: 2907458995278416259}
  m_LocalRotation: {x: -1.1737455e-15, y: 0.7071068, z: 1.1737455e-15, w: 0.7071068}
  m_LocalPosition: {x: -2.3760414, y: 5.77316e-14, z: 0.3435389}
  m_LocalScale: {x: 1, y: 1, z: 1}
  m_Children:
  - {fileID: 2907458995278171103}
  m_Father: {fileID: 2907458995278065201}
  m_RootOrder: 0
  m_LocalEulerAnglesHint: {x: 0, y: 0, z: 0}
--- !u!1 &2907458995278521049
GameObject:
  m_ObjectHideFlags: 0
  m_CorrespondingSourceObject: {fileID: 0}
  m_PrefabInstance: {fileID: 0}
  m_PrefabAsset: {fileID: 0}
  serializedVersion: 6
  m_Component:
  - component: {fileID: 2907458995278097197}
  - component: {fileID: 2907458995273282289}
  m_Layer: 0
  m_Name: SA_Animals_Cow_White
  m_TagString: Untagged
  m_Icon: {fileID: 0}
  m_NavMeshLayer: 0
  m_StaticEditorFlags: 0
  m_IsActive: 0
--- !u!4 &2907458995278097197
Transform:
  m_ObjectHideFlags: 0
  m_CorrespondingSourceObject: {fileID: 0}
  m_PrefabInstance: {fileID: 0}
  m_PrefabAsset: {fileID: 0}
  m_GameObject: {fileID: 2907458995278521049}
  m_LocalRotation: {x: 0, y: 0, z: 0, w: 1}
  m_LocalPosition: {x: 0, y: 0, z: 0}
  m_LocalScale: {x: 1, y: 1, z: 1}
  m_Children: []
  m_Father: {fileID: 2907458995278120583}
  m_RootOrder: 4
  m_LocalEulerAnglesHint: {x: 0, y: 0, z: 0}
--- !u!137 &2907458995273282289
SkinnedMeshRenderer:
  m_ObjectHideFlags: 0
  m_CorrespondingSourceObject: {fileID: 0}
  m_PrefabInstance: {fileID: 0}
  m_PrefabAsset: {fileID: 0}
  m_GameObject: {fileID: 2907458995278521049}
  m_Enabled: 1
  m_CastShadows: 1
  m_ReceiveShadows: 1
  m_DynamicOccludee: 1
  m_MotionVectors: 1
  m_LightProbeUsage: 1
  m_ReflectionProbeUsage: 1
  m_RenderingLayerMask: 1
  m_RendererPriority: 0
  m_Materials:
  - {fileID: 2100000, guid: 185ca34253615de44926902d54fb6f1d, type: 2}
  m_StaticBatchInfo:
    firstSubMesh: 0
    subMeshCount: 0
  m_StaticBatchRoot: {fileID: 0}
  m_ProbeAnchor: {fileID: 0}
  m_LightProbeVolumeOverride: {fileID: 0}
  m_ScaleInLightmap: 1
  m_ReceiveGI: 1
  m_PreserveUVs: 0
  m_IgnoreNormalsForChartDetection: 0
  m_ImportantGI: 0
  m_StitchLightmapSeams: 0
  m_SelectedEditorRenderState: 3
  m_MinimumChartSize: 4
  m_AutoUVMaxDistance: 0.5
  m_AutoUVMaxAngle: 89
  m_LightmapParameters: {fileID: 0}
  m_SortingLayerID: 0
  m_SortingLayer: 0
  m_SortingOrder: 0
  serializedVersion: 2
  m_Quality: 0
  m_UpdateWhenOffscreen: 0
  m_SkinnedMotionVectors: 1
  m_Mesh: {fileID: 4300004, guid: f18cd949d6d73cb459e428cd63e6ac27, type: 3}
  m_Bones:
  - {fileID: 2907458995278109729}
  - {fileID: 2907458995278125925}
  - {fileID: 2907458995278124823}
  - {fileID: 2907458995278111251}
  - {fileID: 2907458995278124575}
  - {fileID: 2907458995278071253}
  - {fileID: 2907458995278174659}
  - {fileID: 2907458995278155617}
  - {fileID: 2907458995278166249}
  - {fileID: 2907458995278065201}
  - {fileID: 2907458995278057437}
  - {fileID: 2907458995278171103}
  - {fileID: 2907458995278171665}
  - {fileID: 2907458995278066855}
  - {fileID: 2907458995278100845}
  - {fileID: 2907458995278167175}
  - {fileID: 2907458995278174137}
  - {fileID: 2907458995278118907}
  - {fileID: 2907458995278059783}
  - {fileID: 2907458995278181173}
  - {fileID: 2907458995278075243}
  - {fileID: 2907458995278182993}
  - {fileID: 2907458995278065757}
  - {fileID: 2907458995278107519}
  - {fileID: 2907458995278097351}
  - {fileID: 2907458995278094763}
  - {fileID: 2907458995278099785}
  - {fileID: 2907458995278099573}
  - {fileID: 2907458995278165229}
  - {fileID: 2907458995278079135}
  - {fileID: 2907458995278056153}
  - {fileID: 2907458995278181059}
  - {fileID: 2907458995278163785}
  - {fileID: 2907458995278078283}
  - {fileID: 2907458995278121353}
  - {fileID: 2907458995278095655}
  - {fileID: 2907458995278071093}
  - {fileID: 2907458995278162429}
  - {fileID: 2907458995278077783}
  - {fileID: 2907458995278126555}
  - {fileID: 2907458995278063807}
  - {fileID: 2907458995278121985}
  - {fileID: 2907458995278177861}
  - {fileID: 2907458995278176333}
  m_BlendShapeWeights: []
  m_RootBone: {fileID: 2907458995278109729}
  m_AABB:
    m_Center: {x: 0, y: -7.0392914, z: 19.432642}
    m_Extent: {x: 5.5862083, y: 16.289497, z: 24.204412}
  m_DirtyAABB: 0
--- !u!1 &2907458995278521121
GameObject:
  m_ObjectHideFlags: 0
  m_CorrespondingSourceObject: {fileID: 0}
  m_PrefabInstance: {fileID: 0}
  m_PrefabAsset: {fileID: 0}
  serializedVersion: 6
  m_Component:
  - component: {fileID: 2907458995278095655}
  m_Layer: 0
  m_Name: CowRig_r_HindLeg_Knee2SHJnt
  m_TagString: Untagged
  m_Icon: {fileID: 0}
  m_NavMeshLayer: 0
  m_StaticEditorFlags: 0
  m_IsActive: 1
--- !u!4 &2907458995278095655
Transform:
  m_ObjectHideFlags: 0
  m_CorrespondingSourceObject: {fileID: 0}
  m_PrefabInstance: {fileID: 0}
  m_PrefabAsset: {fileID: 0}
  m_GameObject: {fileID: 2907458995278521121}
  m_LocalRotation: {x: -6.001575e-19, y: 0.28470242, z: 2.0207785e-18, w: 0.95861596}
  m_LocalPosition: {x: -5.912659, y: 8.881784e-16, z: 3.5527137e-15}
  m_LocalScale: {x: 1, y: 1, z: 1}
  m_Children:
  - {fileID: 2907458995278071093}
  m_Father: {fileID: 2907458995278121353}
  m_RootOrder: 0
  m_LocalEulerAnglesHint: {x: 0, y: 0, z: 0}
--- !u!1 &2907458995278522941
GameObject:
  m_ObjectHideFlags: 0
  m_CorrespondingSourceObject: {fileID: 0}
  m_PrefabInstance: {fileID: 0}
  m_PrefabAsset: {fileID: 0}
  serializedVersion: 6
  m_Component:
  - component: {fileID: 2907458995278097351}
  m_Layer: 0
  m_Name: CowRig_Head_TopSHJnt
  m_TagString: Untagged
  m_Icon: {fileID: 0}
  m_NavMeshLayer: 0
  m_StaticEditorFlags: 0
  m_IsActive: 1
--- !u!4 &2907458995278097351
Transform:
  m_ObjectHideFlags: 0
  m_CorrespondingSourceObject: {fileID: 0}
  m_PrefabInstance: {fileID: 0}
  m_PrefabAsset: {fileID: 0}
  m_GameObject: {fileID: 2907458995278522941}
  m_LocalRotation: {x: -5.551116e-17, y: -5.551116e-17, z: 0.7071068, w: 0.7071068}
  m_LocalPosition: {x: -3, y: 4.54796e-16, z: -3.5527137e-15}
  m_LocalScale: {x: 1, y: 1, z: 1}
  m_Children:
  - {fileID: 2907458995278094763}
  - {fileID: 2907458995278099785}
  m_Father: {fileID: 2907458995278182993}
  m_RootOrder: 1
  m_LocalEulerAnglesHint: {x: 0, y: 0, z: 0}
--- !u!1 &2907458995278524977
GameObject:
  m_ObjectHideFlags: 0
  m_CorrespondingSourceObject: {fileID: 0}
  m_PrefabInstance: {fileID: 0}
  m_PrefabAsset: {fileID: 0}
  serializedVersion: 6
  m_Component:
  - component: {fileID: 2907458995278094763}
  m_Layer: 0
  m_Name: CowRig_l_Eye_01SHJnt
  m_TagString: Untagged
  m_Icon: {fileID: 0}
  m_NavMeshLayer: 0
  m_StaticEditorFlags: 0
  m_IsActive: 1
--- !u!4 &2907458995278094763
Transform:
  m_ObjectHideFlags: 0
  m_CorrespondingSourceObject: {fileID: 0}
  m_PrefabInstance: {fileID: 0}
  m_PrefabAsset: {fileID: 0}
  m_GameObject: {fileID: 2907458995278524977}
  m_LocalRotation: {x: 0.5948026, y: -0.0415639, z: -0.03894414, w: 0.8018514}
  m_LocalPosition: {x: -3.514648, y: 0.37611854, z: 0.6284895}
  m_LocalScale: {x: 1, y: 1, z: 1}
  m_Children: []
  m_Father: {fileID: 2907458995278097351}
  m_RootOrder: 0
  m_LocalEulerAnglesHint: {x: 0, y: 0, z: 0}
--- !u!1 &2907458995278527009
GameObject:
  m_ObjectHideFlags: 0
  m_CorrespondingSourceObject: {fileID: 0}
  m_PrefabInstance: {fileID: 0}
  m_PrefabAsset: {fileID: 0}
  serializedVersion: 6
  m_Component:
  - component: {fileID: 2907458995278065201}
  m_Layer: 0
  m_Name: CowRig_l_FrontLeg_AnkleSHJnt
  m_TagString: Untagged
  m_Icon: {fileID: 0}
  m_NavMeshLayer: 0
  m_StaticEditorFlags: 0
  m_IsActive: 1
--- !u!4 &2907458995278065201
Transform:
  m_ObjectHideFlags: 0
  m_CorrespondingSourceObject: {fileID: 0}
  m_PrefabInstance: {fileID: 0}
  m_PrefabAsset: {fileID: 0}
  m_GameObject: {fileID: 2907458995278527009}
  m_LocalRotation: {x: -4.633597e-17, y: -0.027281087, z: 1.7425779e-15, w: 0.9996278}
  m_LocalPosition: {x: -4.246489, y: 1.0658141e-13, z: 3.5527137e-15}
  m_LocalScale: {x: 1, y: 1, z: 1}
  m_Children:
  - {fileID: 2907458995278057437}
  m_Father: {fileID: 2907458995278166249}
  m_RootOrder: 0
  m_LocalEulerAnglesHint: {x: 0, y: 0, z: 0}
--- !u!1 &2907458995278528275
GameObject:
  m_ObjectHideFlags: 0
  m_CorrespondingSourceObject: {fileID: 0}
  m_PrefabInstance: {fileID: 0}
  m_PrefabAsset: {fileID: 0}
  serializedVersion: 6
  m_Component:
  - component: {fileID: 2907458995278120583}
  m_Layer: 0
  m_Name: CowRig_SHJntGrp
  m_TagString: Untagged
  m_Icon: {fileID: 0}
  m_NavMeshLayer: 0
  m_StaticEditorFlags: 0
  m_IsActive: 1
--- !u!4 &2907458995278120583
Transform:
  m_ObjectHideFlags: 0
  m_CorrespondingSourceObject: {fileID: 0}
  m_PrefabInstance: {fileID: 0}
  m_PrefabAsset: {fileID: 0}
  m_GameObject: {fileID: 2907458995278528275}
  m_LocalRotation: {x: 0, y: 0, z: 0, w: 1}
  m_LocalPosition: {x: 0, y: 0, z: 0}
  m_LocalScale: {x: 1, y: 1, z: 1}
  m_Children:
  - {fileID: 2907458995278109729}
  - {fileID: 2907458995278061755}
  - {fileID: 2907458995278182247}
  - {fileID: 2907458995278081679}
  - {fileID: 2907458995278097197}
  m_Father: {fileID: 2907458995278078803}
  m_RootOrder: 0
  m_LocalEulerAnglesHint: {x: 0, y: 0, z: 0}
--- !u!1 &2907458995278529267
GameObject:
  m_ObjectHideFlags: 0
  m_CorrespondingSourceObject: {fileID: 0}
  m_PrefabInstance: {fileID: 0}
  m_PrefabAsset: {fileID: 0}
  serializedVersion: 6
  m_Component:
  - component: {fileID: 2907458995278081679}
  - component: {fileID: 2907458995273105799}
  m_Layer: 0
  m_Name: SA_Animals_Cow_Brown
  m_TagString: Untagged
  m_Icon: {fileID: 0}
  m_NavMeshLayer: 0
  m_StaticEditorFlags: 0
  m_IsActive: 1
--- !u!4 &2907458995278081679
Transform:
  m_ObjectHideFlags: 0
  m_CorrespondingSourceObject: {fileID: 0}
  m_PrefabInstance: {fileID: 0}
  m_PrefabAsset: {fileID: 0}
  m_GameObject: {fileID: 2907458995278529267}
  m_LocalRotation: {x: 0, y: 0, z: 0, w: 1}
  m_LocalPosition: {x: 0, y: 0, z: 0}
  m_LocalScale: {x: 1, y: 1, z: 1}
  m_Children: []
  m_Father: {fileID: 2907458995278120583}
  m_RootOrder: 3
  m_LocalEulerAnglesHint: {x: 0, y: 0, z: 0}
--- !u!137 &2907458995273105799
SkinnedMeshRenderer:
  m_ObjectHideFlags: 0
  m_CorrespondingSourceObject: {fileID: 0}
  m_PrefabInstance: {fileID: 0}
  m_PrefabAsset: {fileID: 0}
  m_GameObject: {fileID: 2907458995278529267}
  m_Enabled: 1
  m_CastShadows: 1
  m_ReceiveShadows: 1
  m_DynamicOccludee: 1
  m_MotionVectors: 1
  m_LightProbeUsage: 1
  m_ReflectionProbeUsage: 1
  m_RenderingLayerMask: 1
  m_RendererPriority: 0
  m_Materials:
  - {fileID: 2100000, guid: 185ca34253615de44926902d54fb6f1d, type: 2}
  m_StaticBatchInfo:
    firstSubMesh: 0
    subMeshCount: 0
  m_StaticBatchRoot: {fileID: 0}
  m_ProbeAnchor: {fileID: 0}
  m_LightProbeVolumeOverride: {fileID: 0}
  m_ScaleInLightmap: 1
  m_ReceiveGI: 1
  m_PreserveUVs: 0
  m_IgnoreNormalsForChartDetection: 0
  m_ImportantGI: 0
  m_StitchLightmapSeams: 0
  m_SelectedEditorRenderState: 3
  m_MinimumChartSize: 4
  m_AutoUVMaxDistance: 0.5
  m_AutoUVMaxAngle: 89
  m_LightmapParameters: {fileID: 0}
  m_SortingLayerID: 0
  m_SortingLayer: 0
  m_SortingOrder: 0
  serializedVersion: 2
  m_Quality: 0
  m_UpdateWhenOffscreen: 0
  m_SkinnedMotionVectors: 1
  m_Mesh: {fileID: 4300002, guid: f18cd949d6d73cb459e428cd63e6ac27, type: 3}
  m_Bones:
  - {fileID: 2907458995278109729}
  - {fileID: 2907458995278125925}
  - {fileID: 2907458995278124823}
  - {fileID: 2907458995278111251}
  - {fileID: 2907458995278124575}
  - {fileID: 2907458995278071253}
  - {fileID: 2907458995278174659}
  - {fileID: 2907458995278155617}
  - {fileID: 2907458995278166249}
  - {fileID: 2907458995278065201}
  - {fileID: 2907458995278057437}
  - {fileID: 2907458995278171103}
  - {fileID: 2907458995278171665}
  - {fileID: 2907458995278066855}
  - {fileID: 2907458995278100845}
  - {fileID: 2907458995278167175}
  - {fileID: 2907458995278174137}
  - {fileID: 2907458995278118907}
  - {fileID: 2907458995278059783}
  - {fileID: 2907458995278181173}
  - {fileID: 2907458995278075243}
  - {fileID: 2907458995278182993}
  - {fileID: 2907458995278065757}
  - {fileID: 2907458995278107519}
  - {fileID: 2907458995278097351}
  - {fileID: 2907458995278094763}
  - {fileID: 2907458995278099785}
  - {fileID: 2907458995278099573}
  - {fileID: 2907458995278165229}
  - {fileID: 2907458995278079135}
  - {fileID: 2907458995278056153}
  - {fileID: 2907458995278181059}
  - {fileID: 2907458995278163785}
  - {fileID: 2907458995278078283}
  - {fileID: 2907458995278121353}
  - {fileID: 2907458995278095655}
  - {fileID: 2907458995278071093}
  - {fileID: 2907458995278162429}
  - {fileID: 2907458995278077783}
  - {fileID: 2907458995278126555}
  - {fileID: 2907458995278063807}
  - {fileID: 2907458995278121985}
  - {fileID: 2907458995278177861}
  - {fileID: 2907458995278176333}
  m_BlendShapeWeights: []
  m_RootBone: {fileID: 2907458995278109729}
  m_AABB:
    m_Center: {x: 0, y: -7.0392914, z: 19.432642}
    m_Extent: {x: 5.5862083, y: 16.289497, z: 24.204412}
  m_DirtyAABB: 0
--- !u!1 &2907458995278530759
GameObject:
  m_ObjectHideFlags: 0
  m_CorrespondingSourceObject: {fileID: 0}
  m_PrefabInstance: {fileID: 0}
  m_PrefabAsset: {fileID: 0}
  serializedVersion: 6
  m_Component:
  - component: {fileID: 2907458995278107519}
  m_Layer: 0
  m_Name: CowRig_Head_JawEndSHJnt
  m_TagString: Untagged
  m_Icon: {fileID: 0}
  m_NavMeshLayer: 0
  m_StaticEditorFlags: 0
  m_IsActive: 1
--- !u!4 &2907458995278107519
Transform:
  m_ObjectHideFlags: 0
  m_CorrespondingSourceObject: {fileID: 0}
  m_PrefabInstance: {fileID: 0}
  m_PrefabAsset: {fileID: 0}
  m_GameObject: {fileID: 2907458995278530759}
  m_LocalRotation: {x: 0.6116249, y: -0, z: -0, w: 0.7911479}
  m_LocalPosition: {x: -5.2235058e-14, y: 0.2374181, z: 2.8940983}
  m_LocalScale: {x: 1, y: 1, z: 1}
  m_Children: []
  m_Father: {fileID: 2907458995278065757}
  m_RootOrder: 0
  m_LocalEulerAnglesHint: {x: 0, y: 0, z: 0}
--- !u!1 &2907458995278531667
GameObject:
  m_ObjectHideFlags: 0
  m_CorrespondingSourceObject: {fileID: 0}
  m_PrefabInstance: {fileID: 0}
  m_PrefabAsset: {fileID: 0}
  serializedVersion: 6
  m_Component:
  - component: {fileID: 2907458995278124823}
  m_Layer: 0
  m_Name: CowRig_Spine_02SHJnt
  m_TagString: Untagged
  m_Icon: {fileID: 0}
  m_NavMeshLayer: 0
  m_StaticEditorFlags: 0
  m_IsActive: 1
--- !u!4 &2907458995278124823
Transform:
  m_ObjectHideFlags: 0
  m_CorrespondingSourceObject: {fileID: 0}
  m_PrefabInstance: {fileID: 0}
  m_PrefabAsset: {fileID: 0}
  m_GameObject: {fileID: 2907458995278531667}
  m_LocalRotation: {x: -0.00000001421896, y: -7.794761e-17, z: 1.9753858e-16, w: 1}
  m_LocalPosition: {x: -6.258605, y: 6.8971167e-17, z: -0.010353951}
  m_LocalScale: {x: 1, y: 1, z: 1}
  m_Children:
  - {fileID: 2907458995278111251}
  m_Father: {fileID: 2907458995278125925}
  m_RootOrder: 0
  m_LocalEulerAnglesHint: {x: 0, y: 0, z: 0}
--- !u!1 &2907458995278532407
GameObject:
  m_ObjectHideFlags: 0
  m_CorrespondingSourceObject: {fileID: 0}
  m_PrefabInstance: {fileID: 0}
  m_PrefabAsset: {fileID: 0}
  serializedVersion: 6
  m_Component:
  - component: {fileID: 2907458995278176333}
  m_Layer: 0
  m_Name: CowRig_Tail_01_05SHJnt
  m_TagString: Untagged
  m_Icon: {fileID: 0}
  m_NavMeshLayer: 0
  m_StaticEditorFlags: 0
  m_IsActive: 1
--- !u!4 &2907458995278176333
Transform:
  m_ObjectHideFlags: 0
  m_CorrespondingSourceObject: {fileID: 0}
  m_PrefabInstance: {fileID: 0}
  m_PrefabAsset: {fileID: 0}
  m_GameObject: {fileID: 2907458995278532407}
  m_LocalRotation: {x: 0, y: 0, z: 0, w: 1}
  m_LocalPosition: {x: -4.672139, y: 1.4210855e-14, z: -3.8857806e-16}
  m_LocalScale: {x: 1, y: 1, z: 1}
  m_Children: []
  m_Father: {fileID: 2907458995278177861}
  m_RootOrder: 0
  m_LocalEulerAnglesHint: {x: 0, y: 0, z: 0}
--- !u!1 &2907458995278538461
GameObject:
  m_ObjectHideFlags: 0
  m_CorrespondingSourceObject: {fileID: 0}
  m_PrefabInstance: {fileID: 0}
  m_PrefabAsset: {fileID: 0}
  serializedVersion: 6
  m_Component:
  - component: {fileID: 2907458995278155617}
  m_Layer: 0
  m_Name: CowRig_l_FrontLeg_Knee1SHJnt
  m_TagString: Untagged
  m_Icon: {fileID: 0}
  m_NavMeshLayer: 0
  m_StaticEditorFlags: 0
  m_IsActive: 1
--- !u!4 &2907458995278155617
Transform:
  m_ObjectHideFlags: 0
  m_CorrespondingSourceObject: {fileID: 0}
  m_PrefabInstance: {fileID: 0}
  m_PrefabAsset: {fileID: 0}
  m_GameObject: {fileID: 2907458995278538461}
  m_LocalRotation: {x: -5.3638403e-18, y: 0.13918605, z: -1.980304e-16, w: 0.99026626}
  m_LocalPosition: {x: -10.075148, y: 2.3714364e-13, z: 1.3322676e-15}
  m_LocalScale: {x: 1, y: 1, z: 1}
  m_Children:
  - {fileID: 2907458995278166249}
  m_Father: {fileID: 2907458995278174659}
  m_RootOrder: 0
  m_LocalEulerAnglesHint: {x: 0, y: 0, z: 0}
